@article {berenguel-2016,
	author = {Berenguel, Manuel and Rodríguez, Francisco and Moreno, José Carlos and Guzmán, José Luis and González, Ramón},
	title = "Tools and methodologies for teaching robotics in computer science and engineering studies",
	journal = "Computer Applications in Engineering Education",
	volume = 24,
	number = 2,
	issn = "1099-0542",
	url = http://dx.doi.org/10.1002/cae.21698,
	doi = "10.1002/cae.21698",
	pages = "202-214",
	keywords = "computer science, industrial engineering, robotic systems, e-learning",
	year = 2016,
}
    
@book{selman-2002,
	author	  =	"Daniel Selman",
	title	  =	"Java 3D Programming",
	publisher =	"Manning Publications",
	year	 =	2002
}
    
@misc {pomares-2004,
   title = {El laboratorio virtual como herramienta en el proceso enseñanza-aprendizaje},
   author = {Torres, Fernando AND Ortiz Zamora, Francisco Gabriel AND Candelas-Herías, Francisco A. AND Gil, Pablo AND Pomares, Jorge AND Puente Méndez, Santiago Timoteo},
   year = {2004}
}

@online{gazebo-2014,
    title = {Gazebo Software},
    copyright = {Open Source Robotics Foundation},
    author = "Equipo de colaboradores de Gazebo",
    url	= {http://gazebosim.org},
    urldate = {12-02-2018},
    month = {feb},
    year = {2014 (acceso 12 de Febrero de 2018)}
    
@book{herrera-2016,
	author	  =	"Manuel Herrera and Ismael Murrillo and Manuel Norberto Montoya and Rosario Adriana Enríquez and Rafael Alfonso Figueroa and Antonio de Jesús Balvantín",
	title	  =	"Aprendizaje del software SolidWorks",
	publisher =	"Pearson",
	year	 =	2016
}
    
